<?xml version="1.0" encoding="UTF-8"?><collection xmlns="http://www.loc.gov/MARC21/slim"><record><leader>00391nam--2200133-i-4500</leader><controlfield tag="001">000038332</controlfield><controlfield tag="002">20161230</controlfield><controlfield tag="005">20161230201041</controlfield><controlfield tag="008">060222s1000------------r-----000-0-eng-d</controlfield><datafield ind1=" " ind2=" " tag="080"><subfield code="a">530.12:523.1:061.3(A)</subfield></datafield><datafield ind1=" " ind2=" " tag="245"><subfield code="a">Relativita generale e cosmologia</subfield></datafield><datafield ind1=" " ind2=" " tag="260"><subfield code="a">New York, Acad.Press, 1971, Xi + 387p</subfield></datafield><datafield ind1=" " ind2=" " tag="490"><subfield code="a">Rendiconti Della Scuola Internazionale De Fisica `Enrico Fermi`</subfield></datafield><datafield ind1=" " ind2=" " tag="852"><subfield code="a">1874</subfield></datafield></record></collection>